%% This BibTeX bibliography file was created using BibDesk.
%% http://bibdesk.sourceforge.net/

%% Created for Sofia Jijon at 2019-09-02 16:10:54 +0200 


%% Saved with string encoding Unicode (UTF-8) 



@article{Brauer2017,
	Abstract = {We give a brief outline of some of the important aspects of the development of mathematical epidemiology.},
	Author = {Brauer, Fred},
	Date-Added = {2019-08-25 16:51:08 +0200},
	Date-Modified = {2019-09-02 16:05:02 +0200},
	Doi = {10.1016/j.idm.2017.02.001},
	Issn = {24680427},
	Journal = {Infectious Disease Modelling},
	Number = {2},
	Pages = {113--127},
	Publisher = {KeAi Communications Co., Ltd},
	Title = {{Mathematical epidemiology: Past, present, and future}},
	Volume = {2},
	Year = {2017},
	Bdsk-Url-1 = {http://dx.doi.org/10.1016/j.idm.2017.02.001}}

@techreport{WHO_Gap,
	Author = {UNAIDS},
	Booktitle = {UNAIDS},
	Date-Added = {2019-08-17 10:54:49 +0200},
	Date-Modified = {2019-08-17 10:56:15 +0200},
	Isbn = {978-92-9253-062-4},
	Mendeley-Groups = {HIV - Math. and Med./HIV Guidelines and Press},
	Pages = {1----422},
	Title = {{The Gap Report}},
	Year = {2014}}

@article{Blumenthal2019,
	Author = {Blumenthal, Jill and Jain, Sonia and Mulvihill, Evan and Sun, Shelly and Hanashiro, Marvin and Ellorin, Eric and Graber, Sara and Haubrich, Richard and Morris, Sheldon},
	Date-Added = {2019-08-16 16:22:25 +0200},
	Date-Modified = {2019-08-16 16:22:50 +0200},
	Doi = {10.1097/QAI.0000000000001888},
	Issn = {1525-4135},
	Journal = {JAIDS Journal of Acquired Immune Deficiency Syndromes},
	Number = {2},
	Pages = {e23--e29},
	Title = {{Perceived Versus Calculated HIV Risk}},
	Volume = {80},
	Year = {2019},
	Bdsk-Url-1 = {https://doi.org/10.1097/QAI.0000000000001888}}

@article{Young2014,
	Author = {Young, Ingrid and Flowers, Paul and McDaid, Lisa M.},
	Date-Added = {2019-08-07 15:42:25 +0200},
	Date-Modified = {2019-08-16 17:19:21 +0200},
	Doi = {10.1136/bmjopen-2014-005717},
	Isbn = {2044-6055 (Electronic) 2044-6055 (Linking)},
	Issn = {2044-6055},
	Journal = {BMJ Open},
	Number = {11},
	Pages = {e005717},
	Pmid = {25412863},
	Title = {{Barriers to uptake and use of pre-exposure prophylaxis (PrEP) among communities most affected by HIV in the UK: findings from a qualitative study in Scotland}},
	Volume = {4},
	Year = {2014},
	Bdsk-Url-1 = {https://doi.org/10.1136/bmjopen-2014-005717}}

@book{Rohani2008,
	Author = {{Rohani, Pejman, Keeling}, Matt J.},
	Date-Added = {2019-08-05 15:27:59 +0200},
	Date-Modified = {2019-08-05 15:29:07 +0200},
	Isbn = {9781400841035},
	Publisher = {Princeton University Press},
	Title = {{Modeling Infectious Diseases in Humans and Animals}},
	Year = {2008}}

@article{Gilson2018,
	Author = {Gilson, R I and Clutterbuck, D J and Chen, Z E},
	Date-Added = {2019-08-05 13:59:20 +0200},
	Date-Modified = {2019-08-05 13:59:20 +0200},
	Doi = {10.1177/0956462417723817},
	Journal = {International Journal of STD {\&} AIDS},
	Number = {3},
	Pages = {273--277},
	Title = {{Demand for pre-exposure prophylaxis for HIV and the impact on clinical services: Scottish men who have sex with men perspectives}},
	Volume = {29},
	Year = {2018},
	Bdsk-Url-1 = {https://doi.org/10.1177/0956462417723817}}

@article{Underhill2016,
	Author = {Underhill, Kristen and Morrow, Kathleen M. and Colleran, Christopher and Calabrese, Sarah K. and Operario, Don and Salovey, Peter and Mayer, Kenneth H.},
	Date-Added = {2019-08-05 13:56:05 +0200},
	Date-Modified = {2019-08-16 17:18:31 +0200},
	Doi = {10.1007/s10461-015-1088-9},
	Issn = {1090-7165},
	Journal = {AIDS and Behavior},
	Month = {jul},
	Number = {7},
	Pages = {1514--1526},
	Title = {{Explaining the Efficacy of Pre-exposure Prophylaxis (PrEP) for HIV Prevention: A Qualitative Study of Message Framing and Messaging Preferences Among US Men Who have Sex with Men}},
	Volume = {20},
	Year = {2016},
	Bdsk-Url-1 = {https://doi.org/10.1007/s10461-015-1088-9}}

@article{Rozhnova2018,
	Author = {Rozhnova, Ganna and Heijne, Janneke and Bezemer, Daniela and van Sighem, Ard and Presanis, Anne and {De Angelis}, Daniela and Kretzschmar, Mirjam},
	Date-Added = {2019-08-05 13:55:19 +0200},
	Date-Modified = {2019-08-05 13:55:19 +0200},
	Doi = {10.1097/QAD.0000000000002050},
	Isbn = {0000000000},
	Issn = {0269-9370},
	Journal = {Aids},
	Number = {17},
	Pages = {2615--2623},
	Title = {{Elimination prospects of the Dutch HIV epidemic among men who have sex with men in the era of preexposure prophylaxis}},
	Volume = {32},
	Year = {2018},
	Bdsk-Url-1 = {https://doi.org/10.1097/QAD.0000000000002050}}

@article{Punyacharoensin2011,
	Author = {Punyacharoensin, Narat and Edmunds, William John and {De Angelis}, Daniela and White, Richard Guy},
	Date-Added = {2019-08-05 13:55:06 +0200},
	Date-Modified = {2019-08-05 13:55:06 +0200},
	Doi = {10.1007/s10654-011-9614-1},
	Issn = {0393-2990},
	Journal = {European Journal of Epidemiology},
	Number = {9},
	Pages = {695--709},
	Title = {{Mathematical models for the study of HIV spread and control amongst men who have sex with men}},
	Volume = {26},
	Year = {2011},
	Bdsk-Url-1 = {https://doi.org/10.1007/s10654-011-9614-1}}

@article{Cambiano2018,
	Author = {Cambiano, Valentina and Miners, Alec and Dunn, David and McCormack, Sheena and Ong, Koh Jun and Gill, O. Noel and Nardone, Anthony and Desai, Monica and Field, Nigel and Hart, Graham and Delpech, Valerie and Cairns, Gus and Rodger, Alison and Phillips, Andrew N.},
	Date-Added = {2019-06-13 15:16:52 +0200},
	Date-Modified = {2019-08-16 17:18:57 +0200},
	Doi = {10.1016/S1473-3099(17)30540-6},
	Issn = {14733099},
	Journal = {The Lancet Infectious Diseases},
	Month = {jan},
	Number = {1},
	Pages = {85--94},
	Pmid = {29054789},
	Publisher = {Elsevier Ltd},
	Title = {{Cost-effectiveness of pre-exposure prophylaxis for HIV prevention in men who have sex with men in the UK: a modelling study and health economic evaluation}},
	Volume = {18},
	Year = {2018},
	Bdsk-Url-1 = {https://doi.org/10.1016/S1473-3099(17)30540-6}}

@article{Dabestani2019,
	Author = {Dabestani, Nazila M and Leidner, Andrew J and Seiber, Eric E and Kim, Hyoshin and Graitcer, Samuel B and Foppa, Ivo M and Bridges, Carolyn B},
	Date-Added = {2019-06-04 17:30:35 +0200},
	Date-Modified = {2019-06-04 17:30:35 +0200},
	Doi = {10.1016/j.ypmed.2019.05.022},
	Issn = {1096-0260 (Electronic)},
	Journal = {Preventive medicine},
	Language = {eng},
	Month = {may},
	Pmid = {31152830},
	Title = {{A review of the cost-effectiveness of adult influenza vaccination and other preventive services.}},
	Year = {2019},
	Bdsk-Url-1 = {https://doi.org/10.1016/j.ypmed.2019.05.022}}

@article{Heymanng2014,
	Author = {Heymann, David L and Dar, Osman A},
	Date-Added = {2019-06-04 17:12:09 +0200},
	Date-Modified = {2019-06-04 17:14:27 +0200},
	Doi = {10.1136/bmj.g1499},
	Journal = {BMJ},
	Publisher = {BMJ Publishing Group Ltd},
	Title = {{Prevention is better than cure for emerging infectious diseases}},
	Volume = {348},
	Year = {2014},
	Bdsk-Url-1 = {https://doi.org/10.1136/bmj.g1499}}

@article{Bull2018,
	Author = {Bull, Lauren and Dimitrijevic, Pavle and Beverley, Sophie and others},
	Date-Added = {2019-06-03 17:04:06 +0200},
	Date-Modified = {2019-06-03 17:04:06 +0200},
	Doi = {10.1177/0956462417730259},
	Issn = {17581052},
	Journal = {International Journal of STD {\&} AIDS},
	Number = {5},
	Pages = {435--442},
	Pmid = {28927341},
	Title = {{Perceived need of, and interest in, HIV pre-exposure prophylaxis amongst men who have sex with men attending three sexual health clinics in London, UK}},
	Volume = {29},
	Year = {2018},
	Bdsk-Url-1 = {https://doi.org/10.1177/0956462417730259}}

@article{Thomann2017,
	Author = {Thomann, Matthew and Grosso, Ashley and Zapata, Richard and Chiasson, Mary Ann},
	Date-Added = {2019-06-03 17:04:06 +0200},
	Date-Modified = {2019-06-03 17:04:06 +0200},
	Doi = {10.1080/13691058.2017.1380230},
	Issn = {14645351},
	Journal = {Culture, Health and Sexuality},
	Number = {7},
	Pages = {772--786},
	Publisher = {Taylor {\&} Francis},
	Title = {{`WTF is PrEP?': attitudes towards pre-exposure prophylaxis among men who have sex with men and transgender women in New York City}},
	Volume = {20},
	Year = {2017},
	Bdsk-Url-1 = {https://doi.org/10.1080/13691058.2017.1380230}}

@article{Jijon2017,
	Author = {Jij{\'o}n, Sof{\'\i}a and Supervie, Virginie and Breban, Romulus},
	Date-Modified = {2019-06-03 16:57:00 +0200},
	Doi = {10.1016/j.vaccine.2017.08.040},
	Journal = {Vaccine},
	Number = {40},
	Pages = {5339--5345},
	Title = {{Prevention of treatable infectious diseases: a game-theoretic approach}},
	Volume = {35},
	Year = {2017},
	Bdsk-Url-1 = {https://doi.org/10.1016/j.vaccine.2017.08.040}}

@article{Jijon2019,
	Author = {Jij{\'o}n, Sof{\'\i}a and Molina, Jean-Michel and Costagliola, Dominique and Supervie, Virginie and Breban, Romulus},
	Date-Modified = {2019-09-02 16:02:04 +0200},
	Journal = {[Soon to be submitted for publication]},
	Title = {{Can HIV epidemics be eliminated through voluntary participation to PrEP rollouts?}},
	Year = {2019}}

@article{Bosworth2010,
	Author = {Bosworth, Ryan and Cameron, Trudy Ann and DeShazo, J R},
	Doi = {10.1177/0272989X10371681},
	Journal = {Medical Decision Making},
	Number = {4},
	Pages = {E40--E56},
	Title = {{Is an Ounce of Prevention Worth a Pound of Cure? Comparing Demand for Public Prevention and Treatment Policies}},
	Volume = {30},
	Year = {2010},
	Bdsk-Url-1 = {https://doi.org/10.1177/0272989X10371681}}

@article{Meertens2013,
	Author = {Meertens, Ree M and de Gaar, Vivian M J and Spronken, Maitta and de Vries, Nanne K},
	Journal = {BMC Medical Informatics and Decision Making},
	Number = {1},
	Pages = {136},
	Title = {{Prevention praised, cure preferred: results of between-subjects experimental studies comparing (monetary) appreciation for preventive and curative interventions}},
	Volume = {13},
	Year = {2013}}

@article{Jansen2003,
	Author = {Jansen, V. A. A.},
	Doi = {10.1126/science.1086726},
	Issn = {0036-8075},
	Journal = {Science},
	Number = {5634},
	Pages = {804--804},
	Title = {{Measles Outbreaks in a Population with Declining Vaccine Uptake}},
	Volume = {301},
	Year = {2003},
	Bdsk-Url-1 = {https://doi.org/10.1126/science.1086726}}

@article{Jarrett2015,
	Author = {Jarrett, Caitlin and Wilson, Rose and O'Leary, Maureen and Eckersberger, Elisabeth and Larson, Heidi J. and {the SAGE Working Group on Vaccine Hesitancy}},
	Doi = {10.1016/j.vaccine.2015.04.040},
	Isbn = {1873-2518 (Electronic)$\backslash$r0264-410X (Linking)},
	Issn = {0264410X},
	Journal = {Vaccine},
	Month = {aug},
	Number = {34},
	Pages = {4180--4190},
	Pmid = {25896377},
	Title = {{Strategies for addressing vaccine hesitancy? A systematic review}},
	Volume = {33},
	Year = {2015},
	Bdsk-Url-1 = {https://doi.org/10.1016/j.vaccine.2015.04.040}}

@article{Larson2014,
	Author = {Larson, Heidi J and Jarrett, Caitlin and Eckersberger, Elisabeth and Smith, David M D and Paterson, Pauline},
	Doi = {10.1016/j.vaccine.2014.01.081},
	Issn = {0264-410X},
	Journal = {Vaccine},
	Number = {19},
	Pages = {2150--2159},
	Title = {{Understanding vaccine hesitancy around vaccines and vaccination from a global perspective: A systematic review of published literature, 2007--2012}},
	Volume = {32},
	Year = {2014},
	Bdsk-Url-1 = {https://doi.org/10.1016/j.vaccine.2014.01.081}}

@article{Larson2016,
	Author = {Larson, Heidi J. and de Figueiredo, Alexandre and Xiahong, Zhao and Schulz, William S. and Verger, Pierre and Johnston, Iain G. and Cook, Alex R. and Jones, Nick S.},
	Doi = {10.1016/j.ebiom.2016.08.042},
	Issn = {23523964},
	Journal = {EBioMedicine},
	Pages = {295--301},
	Pmid = {27658738},
	Publisher = {The Authors},
	Title = {{The State of Vaccine Confidence 2016: Global Insights Through a 67-Country Survey}},
	Volume = {12},
	Year = {2016},
	Bdsk-Url-1 = {https://doi.org/10.1016/j.ebiom.2016.08.042}}

@incollection{Strebel2013,
	Author = {Strebel, Peter M. and Papania, Mark J. and Fiebelkorn, Amy Parker and Halsey, Neal A.},
	Booktitle = {Vaccines (Sixth Edition)},
	Doi = {10.1016/B978-1-4557-0090-5.00028-8},
	Edition = {Sixth},
	Editor = {Plotkin, Stanley A. and Orenstein, Walter A. and Offit, Paul A.},
	Isbn = {978-1-4557-0090-5},
	Pages = {352--387},
	Pmid = {5473957},
	Publisher = {W.B. Saunders},
	Title = {{20 - Measles vaccine}},
	Year = {2013},
	Bdsk-Url-1 = {https://doi.org/10.1016/B978-1-4557-0090-5.00028-8}}

@misc{ConcertationFR2016,
	Date-Modified = {2019-08-05 14:02:34 +0200},
	Note = {Website accessed: April 10, 2017},
	Read = {1},
	Title = {{Rapport de la Concertation Citoyenne sur la Vaccination}},
	Url = {http://concertation-vaccination.fr/la-restitution/},
	Year = {2016},
	Bdsk-Url-1 = {http://concertation-vaccination.fr/la-restitution/}}

@article{Bauch2004,
	Author = {Bauch, Chris and Earn, David},
	Doi = {10.1073/pnas.0403823101},
	Isbn = {0027-8424 (Print)$\backslash$r0027-8424 (Linking)},
	Issn = {0027-8424},
	Journal = {Proceedings of the National Academy of Sciences of the United States of America},
	Number = {36},
	Pages = {13391--4},
	Pmid = {15329411},
	Title = {{Vaccination and the theory of games.}},
	Volume = {101},
	Year = {2004},
	Bdsk-Url-1 = {https://doi.org/10.1073/pnas.0403823101}}

@article{Verelst2016,
	Author = {Verelst, Frederik and Willem, Lander and Beutels, Philippe},
	Date-Modified = {2019-06-04 11:10:26 +0200},
	Doi = {10.1098/rsif.2016.0820},
	Isbn = {0000000183},
	Issn = {1742-5689},
	Journal = {Journal of The Royal Society Interface},
	Month = {dec},
	Number = {125},
	Pages = {20160820},
	Pmid = {28003528},
	Title = {{Behavioural change models for infectious disease transmission: a systematic review (2010--2015)}},
	Volume = {13},
	Year = {2016},
	Bdsk-Url-1 = {https://doi.org/10.1098/rsif.2016.0820}}

@article{Arnold2016,
	Author = {Arnold, Emily A. and Steward, Wayne T.},
	Doi = {10.1016/S2352-3018(15)00060-0},
	Issn = {2352-3018},
	Journal = {The Lancet HIV},
	Number = {15},
	Pages = {9--10},
	Publisher = {Elsevier Ltd},
	Title = {{HIV transmission in MSM : considerations for PrEP scale-up}},
	Volume = {3018},
	Year = {2016},
	Bdsk-Url-1 = {https://doi.org/10.1016/S2352-3018(15)00060-0}}

@article{Coleman2017,
	Author = {Coleman, Rosalind and Prins, Maria},
	Journal = {Eurosurveillance},
	Pages = {1--4},
	Title = {{Options for affordable pre-exposure prophylaxis (PrEP) in national HIV prevention programmes in Europe}},
	Year = {2017}}

@article{Molina2015,
	Author = {Molina, Jean-Michel and Capitant, Catherine and Spire, Bruno and Pialoux, Gilles and Cotte, Laurent and Charreau, Isabelle and Tremblay, Cecile and {Le Gall}, Jean-Marie and Cua, Eric and Pasquet, Armelle and Raffi, Fran{\c{c}}ois and Pintado, Claire and Chidiac, Christian and Chas, Julie and Charbonneau, Pierre and Delaugerre, Constance and Suzan-Monti, Marie and Loze, Benedicte and Fonsart, Julien and Peytavin, Gilles and Cheret, Antoine and Timsit, Julie and Girard, Gabriel and Lorente, Nicolas and Pr{\'{e}}au, Marie and Rooney, James F and Wainberg, Mark A and Thompson, David and Rozenbaum, Willy and Dor{\'{e}}, Veronique and Marchand, Lucie and Simon, Marie-Christine and Etien, Nicolas and Aboulker, Jean-Pierre and Meyer, Laurence and Delfraissy, Jean-Fran{\c{c}}ois},
	Doi = {10.1056/NEJMoa1506273},
	Issn = {1533-4406},
	Journal = {The New England journal of medicine},
	Number = {23},
	Pages = {2237--2246},
	Pmid = {26624850},
	Title = {{On-Demand Preexposure Prophylaxis in Men at High Risk for HIV-1 Infection.}},
	Volume = {373},
	Year = {2015},
	Bdsk-Url-1 = {https://doi.org/10.1056/NEJMoa1506273}}

@article{WHO_ART2016,
	Author = {{World Health Organization}},
	Doi = {10.1016/j.jped.2014.04.007},
	Isbn = {9789241549684},
	Issn = {9241549688},
	Journal = {World Health Organization},
	Pages = {155 p.},
	Pmid = {27466667},
	Title = {{Consolidated guidelines on the use of antiretroviral drugs for treating and preventing HIV infection: recommendations for a public health approach}},
	Year = {2016},
	Bdsk-Url-1 = {https://doi.org/10.1016/j.jped.2014.04.007}}

@article{WHO_KeyPop2016,
	Author = {{World Health Organization}},
	Isbn = {978 92 4 151112 4},
	Issn = {1023-8190},
	Journal = {World Health Organization},
	Pages = {155},
	Pmid = {12322315},
	Title = {{HIV Prevention, Diagnosis, Treatment and Care for Key Populations (2016 Update)}},
	Year = {2016}}

@article{Haneef2015,
	Author = {Haneef, Romana AND Lazarus, Clement AND Ravaud, Philippe AND Yavchitz, Am{\'e}lie AND Boutron, Isabelle},
	Doi = {10.1371/journal.pone.0140889},
	Journal = {PLOS ONE},
	Month = {10},
	Number = {10},
	Pages = {1-15},
	Publisher = {Public Library of Science},
	Title = {Interpretation of Results of Studies Evaluating an Intervention Highlighted in Google Health News: A Cross-Sectional Study of News},
	Volume = {10},
	Year = {2015},
	Bdsk-Url-1 = {https://doi.org/10.1371/journal.pone.0140889}}
