%% BIBLIOGRAPHY
%%
%% Can HIV epidemics among men who have sex with men in high-income countries be eliminated through voluntary participation to PrEP rollouts?
%%
%% Jijon S., Molina J.-M., Costagliola D., Supervie V. and Breban R.
%%
%% Paris, Marchs 2020
%%%%%%%%%%%%%%%%%%%%%%%%%%%%%%%%%%%%

@article{Amico2019,
	Author = {Amico, K Rivet and Bekker, Linda-Gail},
	Doi = {10.1016/S2352-3018(19)30002-5},
	Issn = {2352-3018},
	Journal = {The Lancet HIV},
	Number = {2},
	Pages = {e137--e140},
	Publisher = {Elsevier Ltd},
	Title = {{Global PrEP roll-out : recommendations for programmatic success}},
	Volume = {6},
	Year = {2019}}


@misc{ANSM2019,
	Author = {Gage, Sophie Billioti De and Tri, Thien L E and Spira, Rosemary Dray},
	Title = {{Suivi de l'utilisation de Truvada ou g{\'{e}}n{\'{e}}riques pour une prophylaxie pr{\'{e}}-exposition (PrEP)}},
	Note = {{URL: https://www.ansm.sante.fr/var/ansm\_site/storage/original/application/ 0511b009d265687a2ff8d2fa266085ce.pdf [Website accessed on February 26, 2020]}},
	Pages = {1--37}}

@misc{ASHM2018,
	Author = {{Australasian Society for HIV Viral Hepatitis and Sexual Health Medicine (ASHM)}},
	Number = {March},
	Pages = {1--2},
	Title = {{HIV PrEP available on PBS in Australia from 1 April}},
	Year = {2018}}

@article{Beyrer2016,
	Author = {Beyrer, Chris and Baral, Stefan D. and Collins, Chris and others},
	Doi = {10.1016/S0140-6736(16)30781-4},
	Isbn = {0140-6736},
	Issn = {1474547X},
	Journal = {Lancet (London, England)},
	Number = {10040},
	Pages = {198--206},
	Pmid = {27411880},
	Publisher = {Elsevier Ltd},
	Title = {{The global response to HIV in men who have sex with men}},
	Volume = {388},
	Year = {2016}}

@article{Blumenthal2019,
	Author = {Blumenthal, Jill and Jain, Sonia and Mulvihill, Evan and others},
	Doi = {10.1097/QAI.0000000000001888},
	Issn = {19447884},
	Journal = {Journal of acquired immune deficiency syndromes (1999)},
	Number = {2},
	Pages = {e23--e29},
	Title = {{Perceived Versus Calculated HIV Risk: Implications for Pre-exposure Prophylaxis Uptake in a Randomized Trial of Men Who Have Sex With Men}},
	Volume = {80},
	Year = {2019}}

@article{Brooks2019,
	Author = {Brooks, Ronald A. and Nieto, Omar and Landrian, Amanda and Donohoe, Thomas J.},
	Doi = {10.1080/09540121.2018.1499864},
	Issn = {13600451},
	Journal = {AIDS Care - Psychological and Socio-Medical Aspects of AIDS/HIV},
	Number = {4},
	Pages = {427--435},
	Pmid = {30021456},
	Publisher = {Taylor {\&} Francis},
	Title = {{Persistent stigmatizing and negative perceptions of pre-exposure prophylaxis (PrEP) users: implications for PrEP adoption among Latino men who have sex with men}},
	Volume = {31},
	Year = {2019}}

@article{Bull2018,
	Author = {Bull, Lauren and Dimitrijevic, Pavle and Beverley, Sophie and others},
	Doi = {10.1177/0956462417730259},
	Issn = {17581052},
	Journal = {International Journal of STD {\&} AIDS},
	Number = {5},
	Pages = {435--442},
	Pmid = {28927341},
	Title = {{Perceived need of, and interest in, HIV pre-exposure prophylaxis amongst men who have sex with men attending three sexual health clinics in London, UK}},
	Volume = {29},
	Year = {2018}}

@booklet{CNSANRS2018,
	Author = {CNS and ANRS},
	Month = {April},
	Note = {{URL: https://cns.sante.fr/actualites/prise-en-charge-du-vih-recommandations-du-groupe-dexperts/ [Website accessed on February 26, 2020]}},
	Title = {{Prise en charge m\'edicale des personnes vivant avec le VIH}},
	Year = {2018}}

@article{Cohen2018,
	Author = {Cohen, Jon},
	Doi = {10.1126/science.359.6381.1205},
	Issn = {0036-8075},
	Journal = {Science},
	Number = {6381},
	Pages = {1205--1205},
	Title = {{Concern as HIV prevention strategy languishes}},
	Volume = {359},
	Year = {2018}}

 @article{Costagliola2019,
	Author = {Costagliola, D. and  Ghosn, J. and Spire, B. and Castro, D. R. and Beniguel, L. and Algarte-Genin, M. and Pialoux, G. and Pintado, C. and Viard, J. P. and Katlama, C. and Segouin, C. and Delaugerre, C. and Lacombe, K. and Lourenco, J. and Ohayon, M. and Le Mestre, S. and Dore, V. and Morel, S. and Sagaon, T L and Assoumou, L. and Molina, J. M. and {Prevenir ANRS Study Group}},
	Journal = {HIV Medicine},
	Number = {S9},
	Pages = {33},
	Title = {{PrEP persistence and associated factors: an analysis from the ANRS Prevenir study}},
	Volume = {20},
	Year = {2019}}

@article{Coy2019,
	Author = {Coy, Kelsey C and Hazen, Ronald J and Kirkham, Heather S and Delpino, Ambrose and Siegler, Aaron J},
	Doi = {10.1002/jia2.25252},
	Issn = {17582652},
	Journal = {Journal of the International AIDS Society},
	Number = {2},
	Pages = {e25252},
	Title = {{Persistence on HIV preexposure prophylaxis medication over a 2-year period among a national sample of 7148 PrEP users, United States, 2015 to 2017}},
	Volume = {22},
	Year = {2019}}

@article{Gilson2018,
	Author = {Gilson, R I and Clutterbuck, D J and Chen, Z E},
	Doi = {10.1177/0956462417723817},
	Journal = {International Journal of STD {\&} AIDS},
	Number = {3},
	Pages = {273--277},
	Title = {{Demand for pre-exposure prophylaxis for HIV and the impact on clinical services: Scottish men who have sex with men perspectives}},
	Volume = {29},
	Year = {2018}}

@article{Grulich2018,
	Author = {Grulich, Andrew E and Guy, Rebecca and Amin, Janaki and others},
	Doi = {10.1016/S2352-3018(18)30215-7},
	Issn = {23523018},
	Journal = {The Lancet HIV},
	Number = {18},
	Pages = {1--9},
	Title = {{Population-level effectiveness of rapid, targeted, high-coverage roll-out of HIV pre-exposure prophylaxis in men who have sex with men: the EPIC-NSW prospective cohort study}},
	Volume = {3018},
	Year = {2018}}

@article{Hansson2020,
	Author = {Hansson, D and Stromdahl, S and Leung, K Y and Britton, T},
	Doi = {10.1136/bmjopen-2019-033852},
	Journal = {BMJ open},
	Month = feb,
	Number = {2},
	Pages = {e033852},
	Title = {{Introducing pre-exposure prophylaxis to prevent HIV acquisition among men who have sex with men in Sweden: insights from a mathematical pair formation model}},
	Volume = {10},
	Year = {2020}}

@article{Holt2018,
	Author = {Holt, Martin and Lea, Toby and Mao, Limin and others},
	Doi = {10.1016/S2352-3018(18)30072-9},
	Issn = {2352-3018},
	Journal = {The Lancet HIV},
	Number = {18},
	Pages = {1--9},
	Pmid = {29885813},
	Publisher = {Elsevier Ltd},
	Title = {{Community-level changes in condom use and uptake of HIV pre-exposure prophylaxis by gay and bisexual men in Melbourne and Sydney, Australia: results of repeated behavioural surveillance in 2013-17}},
	Volume = {3018},
	Year = {2018}}

@article{Jacquez1988,
	Author = {Jacquez, John A. and Simon, Carl P. and Koopman, James and Sattenspiel, Lisa and Perry, Timothy},
	Doi = {10.1016/0025-5564(88)90031-4},
	Issn = {00255564},
	Journal = {Mathematical Biosciences},
	Number = {2},
	Pages = {119--199},
	Title = {{Modeling and analyzing HIV transmission: the effect of contact patterns}},
	Volume = {92},
	Year = {1988}}

@incollection{Jacquez1989,
	Address = {New York},
	Author = {Jacquez, John A. and Simon, Carl P. and Koopman, James},
	Booktitle = {Mathematical and Statistical Approaches to AIDS Epidemiology},
	Pages = {301--305},
	Publisher = {Springer-Verlag New York},
	Title = {{Structured mixing: heterogeneous mixing by the definition of activity groups.}},
	Year = {1989}}

@article{Jenness2016,
	Author = {Jenness, Samuel M and Goodreau, Steven M and Rosenberg, Eli and others},
	Doi = {10.1093/infdis/jiw223},
	Issn = {1537-6613},
	Journal = {The Journal of infectious diseases},
	Pages = {1--8},
	Pmid = {27418048},
	Title = {{Impact of the Centers for Disease Control's HIV Preexposure Prophylaxis Guidelines for Men Who Have Sex With Men in the United States.}},
	Year = {2016}}
	
@article{Jijon2017,
	Author = {Jij{\'{o}}n, Sof{\'{i}}a and Supervie, Virginie and Breban, Romulus},
	Doi = {10.1016/j.vaccine.2017.08.040},
	Issn = {0264410X},
	Journal = {Vaccine},
	Month = {sep},
	Number = {40},
	Pages = {5339--5345},
	Title = {{Prevention of treatable infectious diseases: a game-theoretic approach}},
	Volume = {35},
	Year = {2017}}

@misc{Kirby2020,
	Author = {{Kirby Institute}},
	Note = {{URL: https://kirby.unsw.edu.au/news/hiv-diagnoses-australia-drop-lowest-number-18-years [Website accessed on February 26, 2020]}},
	Title = {{HIV diagnoses in Australia drop to lowest number in 18 years}}}

@article{Kretzschmar2013,
	Author = {Kretzschmar, Mirjam E and Schim van der Loeff, Maarten F and Birrell, Paul J and De Angelis, Daniela and Coutinho, Roel A},
	Doi = {10.1073/pnas.1301801110},
	Journal = {Proc Natl Acad Sci U S A},
	Month = {Sep},
	Number = {39},
	Pages = {15538-43},
	Pmc = {PMC3785722},
	Pmid = {24009342},
	Pst = {ppublish},
	Title = {Prospects of elimination of HIV with test-and-treat strategy},
	Volume = {110},
	Year = {2013}}

@article{Laufer2015,
	Author = {Laufer, Franklin N and O'Connell, Daniel A and Feldman, Ira and Zucker, Howard A},
	Doi = {10.15585/mmwr.mm6446a5},
	Issn = {1545-861X (Electronic)},
	Journal = {MMWR. Morbidity and mortality weekly report},
	Number = {46},
	Pages = {1296--1301},
	Pmid = {26606257},
	Title = {{Vital Signs: Increased Medicaid Prescriptions for Preexposure Prophylaxis Against HIV infection--New York, 2012-2015.}},
	Volume = {64},
	Year = {2015}}

@article{Lions2019,
	Author = {Lions, C. and Cabras, O. and Cotte, L. and others},
	Doi = {10.1186/s12879-019-3915-5},
	Issn = {1471-2334},
	Journal = {BMC Infectious Diseases},
	Number = {1},
	Pages = {278},
	Title = {{Missed opportunities of HIV pre-exposure prophylaxis in France: a retrospective analysis in the French DAT'AIDS cohort}},
	Volume = {19},
	Year = {2019}}

@book{Manfredi2017,
	Address = {New York, NY},
	Doi = {10.1007/978-1-4614-5474-8},
	Editor = {Manfredi, Piero and D'Onofrio, Alberto},
	Isbn = {978-1-4614-5473-1},
	Publisher = {Springer New York},
	Title = {{Modeling the Interplay Between Human Behavior and the Spread of Infectious Diseases}},
	Year = {2013}}

@article{Marcus2019,
	Author = {Marcus, Julia L and Hurley, Leo B and Krakower, Douglas S and Alexeeff, Stacey and Silverberg, Michael J and Volk, Jonathan E},
	Doi = {10.1016/S2352-3018(19)30137-7},
	Issn = {23523018},
	Journal = {The Lancet HIV},
	Number = {19},
	Pages = {1--8},
	Publisher = {Elsevier Ltd},
	Title = {{Use of electronic health record data and machine learning to identify candidates for HIV pre-exposure prophylaxis: a modelling study}},
	Volume = {3018},
	Year = {2019}}

@article{Marshall2018,
	Author = {Marshall, Brandon D.L. and Goedel, William C. and King, Maximilian R.F. and others},
	Doi = {10.1016/S2352-3018(18)30097-3},
	Issn = {23523018},
	Journal = {The Lancet HIV},
	Number = {18},
	Pages = {1--8},
	Publisher = {Elsevier Ltd},
	Title = {{Potential effectiveness of long-acting injectable pre-exposure prophylaxis for HIV prevention in men who have sex with men: a modelling study}},
	Volume = {3018},
	Year = {2018}}

@article{Marty2019,
	Author = {Marty, Lise and Cazein, Fran{\c{c}}oise and Panjo, Henri and Pillonel, Josiane and Costagliola, Dominique and Supervie, Virginie},
	Doi = {10.1002/jia2.25100},
	Issn = {17582652},
	Journal = {Journal of the International AIDS Society},
	Month = {mar},
	Number = {3},
	Pages = {e25100},
	Title = {{Revealing geographical and population heterogeneity in HIV incidence, undiagnosed HIV prevalence and time to diagnosis to improve prevention and care: estimates for France}},
	Volume = {21},
	Year = {2018}}

@article{McCormack2016,
	Author = {McCormack, Sheena and Dunn, David T and Desai, Monica and others},
	Doi = {10.1016/S0140-6736(15)00056-2},
	Isbn = {1474-547X (Electronic)$\backslash$r0140-6736 (Linking)},
	Issn = {1474547X},
	Journal = {The Lancet},
	Number = {10013},
	Pages = {53--60},
	Pmid = {26364263},
	Publisher = {McCormack et al. Open Access article distributed under the terms of CC BY},
	Title = {{Pre-exposure prophylaxis to prevent the acquisition of HIV-1 infection (PROUD): Effectiveness results from the pilot phase of a pragmatic open-label randomised trial}},
	Volume = {387},
	Year = {2016}}

@article{Molina2015,
	Author = {Molina, Jean-Michel and Capitant, Catherine and Spire, Bruno and others},
	Doi = {10.1056/NEJMoa1506273},
	Issn = {1533-4406},
	Journal = {The New England journal of medicine},
	Number = {23},
	Pages = {2237--2246},
	Pmid = {26624850},
	Title = {{On-Demand Preexposure Prophylaxis in Men at High Risk for HIV-1 Infection.}},
	Volume = {373},
	Year = {2015}}

@misc{Molina2018,
	Author = {Molina, J.-M. and Ghosn, J. and B{\'{e}}niguel, L. and Rojas-Castro, D. and Algarte-Genin, M. and Pialoux, G. and Delaugerre, C. and Yazdanpanah, Y. and Katlama, C. and S{\'{e}}gouin, C. and Morel, S. and Pintado, C. and Loze, B. and {Le Mestre}, S. and Gibowski, S. and Dor{\'{e}}, V. and Assoumou, L. and Spire, B. and Costagliola, D. and {The Prevenir ANRS study group}},
	Title = {{Incidence of HIV-infection in the ANRS Prevenir Study in the Paris Region with Daily or On Demand PrEP with TDF/FTC. Presented at the 22nd International AIDS Conference, Amsterdam, Netherlands, July 23--27, 2018. Abstract WEAE0406LB.}}}

@article{Palk2018,
	Author = {Palk, Laurence and Gerstoft, Jan and Obel, Niels and Blower, Sally},
	Doi = {10.1038/s41598-018-33570-0},
	Isbn = {4159801833570},
	Issn = {2045-2322},
	Journal = {Scientific Reports},
	Number = {1},
	Pages = {16003},
	Title = {{A modeling study of the Danish HIV epidemic in men who have sex with men: travel, pre-exposure prophylaxis and elimination}},
	Volume = {8},
	Year = {2018}}

@article{Phanuphak2018,
	Author = {Phanuphak, Nittaya and Phanuphak, Praphan},
	Doi = {10.1016/S2352-3018(18)30100-0},
	Issn = {23523018},
	Journal = {The Lancet HIV},
	Number = {18},
	Pages = {17--18},
	Pmid = {29885814},
	Publisher = {Elsevier Ltd},
	Title = {{Time to focus more on condomless anal sex in non-PrEP users}},
	Volume = {3018},
	Year = {2018}}

@misc{PrEPwatch_2019,
	Author = {{PrEP Watch}},
	Note = {URL: https://www.prepwatch.org/resource/global-prep-tracker/. [Website accessed on February 26, 2020]},
	Title = {{Global PrEP Tracker}},
	Year = {2010}}

@misc{RapportSPF2019,
	Author = {{Sant{\'{e}} Publique France}},
	Note = {{URL: https://www.santepubliquefrance.fr/maladies-et-traumatismes/infections-sexuellement-transmissibles/vih-sida/documents/bulletin-national/bulletin-de-sante-publique-infection-a-vih.-mars-2019 [Website accessed on February 26, 2020]}},
	Title = {2019. {Surveillance de l'infection {\`{a}} VIH (d{\'{e}}pistage et d{\'{e}}claration obligatoire), 2010-2017}}}

@article{Rozhnova2018,
	Author = {Rozhnova, Ganna and Heijne, Janneke and Bezemer, Daniela and others},
	Doi = {10.1097/QAD.0000000000002050},
	Isbn = {0000000000},
	Issn = {0269-9370},
	Journal = {Aids},
	Number = {17},
	Pages = {2615--2623},
	Title = {{Elimination prospects of the Dutch HIV epidemic among men who have sex with men in the era of preexposure prophylaxis}},
	Volume = {32},
	Year = {2018}}

@article{Scott2018,
	Author = {Scott, Nick and Stoov{\'e}, Mark and Kelly, Sherrie L and Wilson, David P and Hellard, Margaret E},
	Doi = {10.1093/cid/cix939},
	Journal = {Clin Infect Dis},
	Month = {03},
	Number = {7},
	Pages = {1019-1023},
	Pmid = {29099920},
	Pst = {ppublish},
	Title = {Achieving 90-90-90 Human Immunodeficiency Virus (HIV) Targets Will Not Be Enough to Achieve the HIV Incidence Reduction Target in Australia},
	Volume = {66},
	Year = {2018}}

@misc{SFO_2017,
	Author = {{San Francisco Department of Public Health}},
	Note = {{URL: https://www.sfdph.org/dph/comupg/oprograms /HIVepiSec/HIVepiSecReports.asp [Website accessed on February 26, 2020]}},
	Title = {{HIV Epidemiology Annual Report 2017}}}

@misc{SFZero,
	Author = {{Getting to zero San Francisco}},
	Note = {{URL: http://www.gettingtozerosf.org/prep-committee/ [Website accessed on February 26, 2020]}},
	Title = {PrEP Committee}}

@article{Siegler2019,
	Author = {Siegler, Aaron J and Mayer, Kenneth H and Liu, Albert Y and others},
	Doi = {10.1093/cid/ciy529},
	Issn = {1058-4838},
	Journal = {Clinical Infectious Diseases},
	Month = {jan},
	Number = {3},
	Pages = {501--504},
	Pmid = {29982304},
	Title = {{Developing and Assessing the Feasibility of a Home-based Preexposure Prophylaxis Monitoring and Support Program}}
	Volume = {68},
	Year = {2019}}

@article{Smith2015,
	Author = {Smith, Dawn K. and Herbst, Jeffrey H. and Zhang, Xinjiang and Rose, Charles E.},
	Doi = {10.1097/QAI.0000000000000461},
	Issn = {1525-4135},
	Journal = {JAIDS Journal of Acquired Immune Deficiency Syndromes},
	Month = {mar},
	Number = {3},
	Pages = {337--344},
	Title = {{Condom Effectiveness for HIV Prevention by Consistency of Use Among Men Who Have Sex With Men in the United States}},
	Volume = {68},
	Year = {2015}}
	
@article{Smith2020,
    	author = {Smith, Dawn K and Sullivan, Patrick S and Cadwell, Betsy and Waller, Lance A and Siddiqi, Azfar and Mera-Giler, Robertino and Hu, Xiaohong and Hoover, Karen W and Harris, Norma S and McCallister, Scott},
    	title = {{Evidence of an Association of Increases in Pre-exposure Prophylaxis Coverage With Decreases in Human Immunodeficiency Virus Diagnosis Rates in the United States, 2012--2016}},
    	journal = {Clinical Infectious Diseases},
    	year = {2020},
    	month = {02},
    	issn = {1058-4838},
    	doi = {10.1093/cid/ciz1229}}

@misc{SPF2019,
	Author = {{Sant{\'{e}} Publique France}},
	Note = {{URL: https://www.santepubliquefrance.fr/les-actualites/2019/depistage-du-vih-et-decouvertes-de-seropositivite-vih-a-paris-donnees-2018 [Website accessed on February 26, 2020]}},
	Title = {{D{\'e}pistage du VIH et d{\'e}couvertes de s{\'e}ropositivit{\'e} VIH {\`a} Paris, donn{\'e}es 2018}},
	Urldate = {September 9, 2019}}
	
@article{Thomann2017,
	Author = {Thomann, Matthew and Grosso, Ashley and Zapata, Richard and Chiasson, Mary Ann},
	Doi = {10.1080/13691058.2017.1380230},
	Issn = {14645351},
	Journal = {Culture, Health and Sexuality},
	Number = {7},
	Pages = {772--786},
	Publisher = {Taylor {\&} Francis},
	Title = {{`WTF is PrEP?': attitudes towards pre-exposure prophylaxis among men who have sex with men and transgender women in New York City}},
	Volume = {20},
	Year = {2017}}

@article{VanDenDriessche2002,
	Author = {{Van Den Driessche}, Pauline and Watmough, James},
	Doi = {10.1016/S0025-5564(02)00108-6},
	Isbn = {0025-5564},
	Issn = {00255564},
	Journal = {Mathematical Biosciences},
	Pages = {29--48},
	Pmid = {12387915},
	Title = {{Reproduction numbers and sub-threshold endemic equilibria for compartmental models of disease transmission}},
	Volume = {180},
	Year = {2002}}

@article{Verelst2016,
	Author = {Verelst, Frederik and Willem, Lander and Beutels, Philippe},
	Doi = {10.1098/rsif.2016.0820},
	Isbn = {0000000183},
	Issn = {1742-5689},
	Journal = {Journal of The Royal Society Interface},
	Month = {dec},
	Number = {125},
	Pages = {20160820},
	Pmid = {28003528},
	Title = {{Behavioural change models for infectious disease transmission: a systematic review (2010--2015)}},
	Volume = {13},
	Year = {2016}}

@booklet{WHO_PrEP_2015,
	Author = {{World Health Organization}},
	Isbn = {1972952943},
	Note = {{URL: https://apps.who.int/iris/handle/10665/197906 [Website accessed on February 26, 2020]}},
	Title = {{Policy brief: WHO expands recommendation on oral pre-exposure prophylaxis of HIV infection (PrEP)}},
	Year = {2015}}
	
@booklet{WHO2016,
	Author = {WHO},
	Note = {{URL: https://www.who.int /hiv/pub/progressreports/2016-progress-report/en/ [Website accessed on February 26, 2020]}},
	Title = {Prevent HIV, test and treat all},
	Year = {2016}}