%% This BibTeX bibliography file was created using BibDesk.
%% http://bibdesk.sourceforge.net/

%% Created for Sofia Jijon at 2021-04-21 15:44:24 +0200 


%% Saved with string encoding Unicode (UTF-8) 



@misc{Dabis_IAS2019,
	author = {\hl{Dabis, F.}},
	date-added = {2021-04-19 13:16:16 +0200},
	date-modified = {2021-04-19 13:33:55 +0200},
	title = {{\hl{Achieving 90-90-90 -- Implications for HIV epidemic control. \textit{10th IAS Conference on HIV Science}. Mexico city, Mexico : July 2019. Available at: http://programme.ias2019.org/Programme/Session/4 [Website accessed on April 20th, 2021].}}}}

@article{Anderson1991,
	author = {Anderson, Roy M. and May, Robert M.},
	isbn = {019854040X},
	journal = {Oxford University Press},
	pages = {757},
	title = {{Infectious diseases of humans: dynamics and control}},
	year = {1991}}

@article{Arnold2016,
	author = {Arnold, Emily A. and Steward, Wayne T.},
	doi = {10.1016/S2352-3018(15)00060-0},
	issn = {2352-3018},
	journal = {The Lancet HIV},
	number = {15},
	pages = {9--10},
	publisher = {Elsevier Ltd},
	title = {{HIV transmission in MSM: considerations for PrEP scale-up}},
	volume = {3018},
	year = {2016},
	Bdsk-Url-1 = {https://doi.org/10.1016/S2352-3018(15)00060-0}}

@misc{Bajos2018,
	author = {Bajos, N. and Rahib, D. and Lydi{\'e}, N.},
	title = {Genre et sexualit\'e. D'une d\'ecennie \`a l'autre. Barom\`etre sant\'e 2016. Saint-Maurice : Sant\'e publique France, 2018.}}

@article{Blumenthal2019,
	author = {Blumenthal, Jill and Jain, Sonia and Mulvihill, Evan and others},
	doi = {10.1097/QAI.0000000000001888},
	issn = {19447884},
	journal = {Journal of Acquired Immune Deficiency Syndromes},
	number = {2},
	pages = {e23--e29},
	title = {{Perceived versus calculated HIV risk: implications for pre-exposure prophylaxis uptake in a randomized trial of men who have sex with men}},
	volume = {80},
	year = {2019},
	Bdsk-Url-1 = {https://doi.org/10.1097/QAI.0000000000001888}}

@article{Brooks2019,
	author = {Brooks, Ronald A. and Nieto, Omar and Landrian, Amanda and Donohoe, Thomas J.},
	doi = {10.1080/09540121.2018.1499864},
	issn = {13600451},
	journal = {AIDS Care - Psychological and Socio-Medical Aspects of AIDS/HIV},
	number = {4},
	pages = {427--435},
	pmid = {30021456},
	publisher = {Taylor {\&} Francis},
	title = {{Persistent stigmatizing and negative perceptions of pre-exposure prophylaxis (PrEP) users: implications for PrEP adoption among Latino men who have sex with men}},
	volume = {31},
	year = {2019},
	Bdsk-Url-1 = {https://doi.org/10.1080/09540121.2018.1499864}}

@booklet{CNSANRS2018,
	author = {CNS and ANRS},
	month = {April},
	note = {{Available at: https://cns.sante.fr/actualites/prise-en-charge-du-vih-recommandations-du-groupe-dexperts/ [Website accessed on April 20, 2021]}},
	title = {{Prise en charge m\'edicale des personnes vivant avec le VIH}},
	year = {2018}}

@misc{CNSANRS2015,
	address = {France},
	author = {{CNS et ANRS}},
	isbn = {9782110095633},
	note = {Available at: https://cns.sante.fr/wp-content/uploads/2015/10/experts-vih\_prep2015.pdf [Website accessed on April 20, 2021]},
	title = {{Prise en charge m{\'{e}}dicale des personnes vivant avec le VIH. Recommandations du groupe d'experts. Actualisation 2015 prophylaxie pr{\'{e}}-exposition. Sous la direction du Pr. Philippe Morlat et sous l'{\'{e}}gide du CNS et de l'ANRS}}}

@article{Gilson2018,
	author = {Gilson, R I and Clutterbuck, D J and Chen, Z E},
	doi = {10.1177/0956462417723817},
	journal = {International Journal of STD {\&} AIDS},
	number = {3},
	pages = {273--277},
	title = {{Demand for pre-exposure prophylaxis for HIV and the impact on clinical services: Scottish men who have sex with men perspectives}},
	volume = {29},
	year = {2018},
	Bdsk-Url-1 = {https://doi.org/10.1177/0956462417723817}}

@article{Gupta1989,
	author = {Gupta, Sunetra and Anderson, Roy M. and May, Robert M.},
	doi = {10.1097/00002030-198912000-00005},
	isbn = {0269-9370 (Print)$\backslash$r0269-9370 (Linking)},
	issn = {0269-9370},
	journal = {AIDS},
	number = {12},
	pages = {807--817},
	pmid = {2517202},
	title = {{Networks of sexual contacts: implications for the pattern of spread of HIV}},
	volume = {3},
	year = {1989},
	Bdsk-Url-1 = {https://doi.org/10.1097/00002030-198912000-00005}}

@misc{INED_EspVieFrance,
	address = {France},
	author = {{French Institut of Demographic Studies (INED)}},
	isbn = {9782110095633},
	note = {\\ Available at: https://www.ined.fr/en/everything\_about\_population/data/france/deaths-causes- mortality/life-expectancy/. [Website accessed: April 20, 2021]},
	title = {{Life expectancy}},
	url = {https://www.ined.fr/en/everything_about_population/data/france/deaths-causes-mortality/life-expectancy/},
	year = {2017}}

@misc{Insee2015,
	author = {Insee},
	note = {\\ Available at: https://www.insee.fr/fr/statistiques/2011101?geo=REG-11{\#}tableau-POP{\_}T3. [Website accessed on April 20, 2021]},
	title = {{Dossier Complet -- R{\'{e}}gion {\^{I}}le de France. Population par sexe et {\^{a}}ge en 2015}}}

@article{Jacquez1988,
	author = {Jacquez, John A. and Simon, Carl P. and Koopman, James and Sattenspiel, Lisa and Perry, Timothy},
	doi = {10.1016/0025-5564(88)90031-4},
	journal = {Mathematical Biosciences},
	number = {2},
	pages = {119--199},
	title = {{Modeling and analyzing HIV transmission: the effect of contact patterns}},
	volume = {92},
	year = {1988},
	Bdsk-Url-1 = {https://doi.org/10.1016/0025-5564(88)90031-4}}

@incollection{Jacquez1989,
	address = {New York},
	author = {Jacquez, John A. and Simon, Carl P. and Koopman, James},
	booktitle = {Mathematical and statistical approaches to AIDS epidemiology},
	chapter = {IV Social},
	date-modified = {2021-04-21 15:39:54 +0200},
	pages = {301--305},
	publisher = {Springer-Verlag New York},
	title = {{Structured mixing: Heterogeneous Mixing by the Definition of Activity Groups}},
	volume = { },
	year = {1989}}

@article{Jijon2017,
	author = {Jij{\'{o}}n, Sof{\'{i}}a and Supervie, Virginie and Breban, Romulus},
	doi = {10.1016/j.vaccine.2017.08.040},
	issn = {0264410X},
	journal = {Vaccine},
	month = {sep},
	number = {40},
	pages = {5339--5345},
	title = {{Prevention of treatable infectious diseases: a game-theoretic approach}},
	volume = {35},
	year = {2017},
	Bdsk-Url-1 = {https://doi.org/10.1016/j.vaccine.2017.08.040}}

@article{Koopman1988,
	author = {Koopman, James and Simon, Carl P. and Jacquez, John A. and Joseph, Jill and Sattenspiel, Lisa and Park, Taesung},
	journal = {Journal of Acquired Inmune Deficiency Syndromes},
	pages = {486--504},
	title = {{Sexual partner selectiveness effects on homosexual HIV transmission}},
	volume = {1},
	year = {1988}}

@article{Kretzschmar2013,
	author = {Kretzschmar, Mirjam E and Schim van der Loeff, Maarten F and Birrell, Paul J and De Angelis, Daniela and Coutinho, Roel A},
	doi = {10.1073/pnas.1301801110},
	journal = {Proc Natl Acad Sci U S A},
	month = {Sep},
	number = {39},
	pages = {15538-43},
	pst = {ppublish},
	title = {Prospects of elimination of HIV with test-and-treat strategy},
	volume = {110},
	year = {2013},
	Bdsk-Url-1 = {https://doi.org/10.1073/pnas.1301801110}}

@article{Lodi2011,
	author = {Lodi, Sara and Phillips, Andrew and Touloumi, Giota and others},
	doi = {10.1093/cid/cir494},
	journal = {Clinical Infectious Diseases},
	month = {oct},
	number = {8},
	pages = {817--825},
	title = {{Time from human immunodeficiency virus seroconversion to reaching CD4+ cell count thresholds {\textless}200, {\textless}350, and {\textless}500 cells/mm$^3$: assessment of need following changes in treatment guidelines}},
	volume = {53},
	year = {2011},
	Bdsk-Url-1 = {https://doi.org/10.1093/cid/cir494}}

@article{Marty2019,
	author = {Marty, Lise and Cazein, Fran{\c{c}}oise and Panjo, Henri and Pillonel, Josiane and Costagliola, Dominique and Supervie, Virginie},
	doi = {10.1002/jia2.25100},
	issn = {17582652},
	journal = {Journal of the International AIDS Society},
	month = {mar},
	note = {[Data updated for 2016]},
	number = {3},
	pages = {e25100},
	title = {{Revealing geographical and population heterogeneity in HIV incidence, undiagnosed HIV prevalence and time to diagnosis to improve prevention and care: estimates for France}},
	volume = {21},
	year = {2018},
	Bdsk-Url-1 = {https://doi.org/10.1002/jia2.25100}}

@article{Molina2015,
	author = {Molina, Jean-Michel and Capitant, Catherine and Spire, Bruno and others},
	doi = {10.1056/NEJMoa1506273},
	isbn = {0028-4793},
	issn = {1533-4406},
	journal = {The New England Journal of Medicine},
	number = {23},
	pages = {2237--2246},
	pmid = {26624850},
	title = {{On-demand preexposure prophylaxis in men at high risk for HIV-1 infection}},
	volume = {373},
	year = {2015},
	Bdsk-Url-1 = {https://doi.org/10.1056/NEJMoa1506273}}

@misc{Molina2018,
	author = {Molina, J.-M. and Ghosn, J. and B{\'{e}}niguel, L. and others},
	title = {{Incidence of HIV-infection in the ANRS Prevenir study in the Paris region with daily or on demand PrEP with TDF/FTC. \textit{22nd International AIDS Conference}, Amsterdam, Netherlands, July 23--27, 2018.}}

@article{Patel2014,
	author = {Patel, Pragna and Borkowf, Craig B. and Brooks, John T. and Lasry, Arielle and Lansky, Amy and Mermin, Jonathan},
	doi = {10.1097/QAD.0000000000000298},
	isbn = {0000000000000},
	issn = {0269-9370},
	journal = {AIDS},
	number = {10},
	pages = {1509--1519},
	pmid = {24809629},
	title = {{Estimating per-act HIV transmission risk}},
	volume = {28},
	year = {2014},
	Bdsk-Url-1 = {https://doi.org/10.1097/QAD.0000000000000298}}

@misc{Prevagay2017,
	author = {Saboni, L and Sauvage, C and Trouiller-Gerfaux, P and others},
	note = {Saint-Maurice, Sant{\'{e}} Publique France, 2017},
	title = {{Rapport Prevagay 2015, Paris. Enqu{\^{e}}te de s{\'{e}}ropr{\'{e}}valence du VIH men{\'{e}}e aupr{\`{e}}s des hommes ayant des relations sexuelles avec les hommes fr{\'{e}}quentant les lieux de convivialit{\'{e}} gay}}}

@misc{RapportSPF2019,
	author = {{Sant{\'{e}} Publique France}},
	note = {{Available at: https://www.santepubliquefrance.fr/maladies-et-traumatismes/infections-sexuellement-transmissibles/vih-sida/documents/bulletin-national/bulletin-de-sante-publique-infection-a-vih.-mars-2019 [Website accessed on April 20, 2021]}},
	title = {2019. {Surveillance de l'infection {\`{a}} VIH (d{\'{e}}pistage et d{\'{e}}claration obligatoire), 2010-2017}}}

@article{Rodger2016,
	author = {Rodger, Alison J. and Cambiano, Valentina and Bruun, Tina and others},
	doi = {10.1001/jama.2016.5148},
	journal = {JAMA},
	month = {jul},
	number = {2},
	pages = {171--181},
	title = {{Sexual activity without condoms and risk of HIV transmission in serodifferent couples when the HIV-positive partner is using suppressive antiretroviral therapy}},
	volume = {316},
	year = {2016},
	Bdsk-Url-1 = {https://doi.org/10.1001/jama.2016.5148}}

@article{SagaonTeyssier2016,
	author = {Sagaon-Teyssier, Luis and Suzan-Monti, Marie and Demoulin, Baptiste and others},
	date-modified = {2021-04-21 15:44:24 +0200},
	doi = {10.1080/09540121.2016.1146653},
	journal = {AIDS care},
	pages = {48--55},
	title = {{Uptake of PrEP and condom and sexual risk behavior among MSM during the ANRS IPERGAY trial}},
	volume = {28: Supp1},
	year = {2016},
	Bdsk-Url-1 = {https://doi.org/10.1080/09540121.2016.1146653}}

@article{Smith2015,
	author = {Smith, Dawn K. and Herbst, Jeffrey H. and Zhang, Xinjiang and Rose, Charles E.},
	doi = {10.1097/QAI.0000000000000461},
	journal = {Journal of Acquired Inmune Deficiency Syndromes},
	number = {3},
	pages = {337--344},
	title = {{Condom effectiveness for HIV prevention by consistency of use among men who have sex with men in the United States}},
	volume = {68},
	year = {2015},
	Bdsk-Url-1 = {https://doi.org/10.1097/QAI.0000000000000461}}

@article{Thomann2017,
	author = {Thomann, Matthew and Grosso, Ashley and Zapata, Richard and Chiasson, Mary Ann},
	doi = {10.1080/13691058.2017.1380230},
	issn = {14645351},
	journal = {Culture, Health and Sexuality},
	number = {7},
	pages = {772--786},
	publisher = {Taylor {\&} Francis},
	title = {{`WTF is PrEP?': attitudes towards pre-exposure prophylaxis among men who have sex with men and transgender women in New York City}},
	volume = {20},
	year = {2017},
	Bdsk-Url-1 = {https://doi.org/10.1080/13691058.2017.1380230}}

@incollection{VanDenDriessche2008,
	address = {Berlin, Heidelberg},
	author = {{van den Driessche}, Pauline and Watmough, James},
	booktitle = {Mathematical Epidemiology},
	doi = {10.1007/978-3-540-78911-6},
	editor = {Brauer, Fred and van den Driessche, Pauline and Wu, Jianhong},
	pages = {159--178},
	publisher = {Springer Berlin Heidelberg},
	series = {Lecture Notes in Mathematics},
	title = {{Further notes on the basic reproduction number}},
	volume = {1945},
	year = {2008},
	Bdsk-Url-1 = {https://doi.org/10.1007/978-3-540-78911-6}}

@article{Velter2015,
	author = {Velter, A. and Saboni, L. and Sommen, C. and Bernillon, P. and Bajos, N. and Semaille, C.},
	journal = {Eurosurveillance : Bulletin Europ{\'{e}}en sur les Maladies Transmissibles},
	number = {14},
	title = {{Sexual and prevention practices in men who have sex with men in the era of combination HIV prevention: results from the Presse Gays et Lesbiennes survey, France, 2011}},
	volume = {20},
	year = {2015}}

@misc{WHO_ART2016,
	author = {{World Health Organization}},
	note = {{Available at: https://www.who.int/hiv/pub/arv/arv-2016/en/ [Website accessed on April 20, 2021]}},
	pages = {155},
	title = {{Consolidated guidelines on the use of antiretroviral drugs for treating and preventing HIV infection: recommendations for a public health approach}},
	year = {2016}}

@misc{WHO2016,
	author = {WHO},
	note = {{Available at: https://www.who.int /hiv/pub/progressreports/2016-progress-report/en/ [Website accessed on April 20, 2021]}},
	title = {Prevent HIV, test and treat all},
	year = {2016}}
