%% APPENDIX -- BIBLIOGRAPHY
%%
%% Can HIV epidemics among men who have sex with men in the Parisian region be eliminated through participation to PrEP rollouts?
%%
%% Jijon S., Molina J.-M., Costagliola D., Supervie V. and Breban R.
%%
%% Paris, October 2020
%%%%%%%%%%%%%%%%%%%%%%%%%%%%%%%%%%%%

@article{Anderson1991,
	Author = {Anderson, Roy M. and May, Robert M.},
	Isbn = {019854040X},
	Journal = {Oxford University Press},
	Pages = {757},
	Title = {{Infectious diseases of humans: dynamics and control}},
	Year = {1991}}

@article{Arnold2016,
	Author = {Arnold, Emily A. and Steward, Wayne T.},
	Doi = {10.1016/S2352-3018(15)00060-0},
	Issn = {2352-3018},
	Journal = {The Lancet HIV},
	Number = {15},
	Pages = {9--10},
	Publisher = {Elsevier Ltd},
	Title = {{HIV transmission in MSM: considerations for PrEP scale-up}},
	Volume = {3018},
	Year = {2016}}

@misc{Bajos2018,
	Author = {Bajos, N. and Rahib, D. and Lydi{\'e}, N.},
	Title = {Genre et sexualit\'e. D'une d\'ecennie \`a l'autre. Barom\`etre sant\'e 2016. Saint-Maurice : Sant\'e publique France, 2018.}}

@article{Blumenthal2019,
	Author = {Blumenthal, Jill and Jain, Sonia and Mulvihill, Evan and others},
	Doi = {10.1097/QAI.0000000000001888},
	Issn = {19447884},
	Journal = {Journal of Acquired Immune Deficiency Syndromes},
	Number = {2},
	Pages = {e23--e29},
	Title = {{Perceived versus calculated HIV risk: implications for pre-exposure prophylaxis uptake in a randomized trial of men who have sex with men}},
	Volume = {80},
	Year = {2019}}

@article{Brooks2019,
	Author = {Brooks, Ronald A. and Nieto, Omar and Landrian, Amanda and Donohoe, Thomas J.},
	Doi = {10.1080/09540121.2018.1499864},
	Issn = {13600451},
	Journal = {AIDS Care - Psychological and Socio-Medical Aspects of AIDS/HIV},
	Number = {4},
	Pages = {427--435},
	Pmid = {30021456},
	Publisher = {Taylor {\&} Francis},
	Title = {{Persistent stigmatizing and negative perceptions of pre-exposure prophylaxis (PrEP) users: implications for PrEP adoption among Latino men who have sex with men}},
	Volume = {31},
	Year = {2019}}

@booklet{CNSANRS2018,
	Author = {CNS and ANRS},
	Month = {April},
	Note = {{URL: https://cns.sante.fr/actualites/prise-en-charge-du-vih-recommandations-du-groupe-dexperts/ [Website accessed on June 20, 2020]}},
	Title = {{Prise en charge m\'edicale des personnes vivant avec le VIH}},
	Year = {2018}}
	
@misc{CNSANRS2015,
	Address = {France},
	Author = {{CNS et ANRS}},
	Isbn = {9782110095633},
	Title = {{Prise en charge m{\'{e}}dicale des personnes vivant avec le VIH. Recommandations du groupe d'experts. Actualisation 2015 prophylaxie pr{\'{e}}-exposition. Sous la direction du Pr. Philippe Morlat et sous l'{\'{e}}gide du CNS et de l'ANRS}},
	Note ={URL: https://cns.sante.fr/wp-content/uploads/2015/10/experts-vih\_prep2015.pdf [Website accessed on June 20, 2020]}}

@article{Gilson2018,
	Author = {Gilson, R I and Clutterbuck, D J and Chen, Z E},
	Doi = {10.1177/0956462417723817},
	Journal = {International Journal of STD {\&} AIDS},
	Number = {3},
	Pages = {273--277},
	Title = {{Demand for pre-exposure prophylaxis for HIV and the impact on clinical services: Scottish men who have sex with men perspectives}},
	Volume = {29},
	Year = {2018}}

@article{Gupta1989,
	Author = {Gupta, Sunetra and Anderson, Roy M. and May, Robert M.},
	Doi = {10.1097/00002030-198912000-00005},
	Isbn = {0269-9370 (Print)$\backslash$r0269-9370 (Linking)},
	Issn = {0269-9370},
	Journal = {AIDS},
	Number = {12},
	Pages = {807--817},
	Pmid = {2517202},
	Title = {{Networks of sexual contacts: implications for the pattern of spread of HIV}},
	Volume = {3},
	Year = {1989}}

@misc{INED_EspVieFrance,
	Address = {France},
	Author = {{French Institut of Demographic Studies (INED)}},
	Isbn = {9782110095633},
	Note = {\\ URL: https://www.ined.fr/en/everything\_about\_population/data/france/deaths-causes- mortality/life-expectancy/. [Website accessed: June 20, 2020]},
	Title = {{Life expectancy}},
	Url = {https://www.ined.fr/en/everything_about_population/data/france/deaths-causes-mortality/life-expectancy/},
	Year = {2017}}

@misc{Insee2015,
	Author = {Insee},
	Note = {\\ URL: https://www.insee.fr/fr/statistiques/2011101?geo=REG-11{\#}tableau-POP{\_}T3. [Website accessed on June 20, 2020]},
	Title = {{Dossier Complet -- R{\'{e}}gion {\^{I}}le de France. Population par sexe et {\^{a}}ge en 2015}}}

@article{Jacquez1988,
	Author = {Jacquez, John A. and Simon, Carl P. and Koopman, James and Sattenspiel, Lisa and Perry, Timothy},
	Doi = {10.1016/0025-5564(88)90031-4},
	Journal = {Mathematical Biosciences},
	Number = {2},
	Pages = {119--199},
	Title = {{Modeling and analyzing HIV transmission: the effect of contact patterns}},
	Volume = {92},
	Year = {1988}}

@incollection{Jacquez1989,
	Address = {New York},
	Author = {Jacquez, John A. and Simon, Carl P. and Koopman, James},
	Booktitle = {Mathematical and statistical approaches to AIDS epidemiology},
	Chapter = {IV Social},
	Pages = {301--305},
	Publisher = {Springer-Verlag New York},
	Title = {{Structured mixing: Heterogeneous Mixing by the Definition of Activity Groups}},
	Year = {1989}}

@article{Jijon2017,
	Author = {Jij{\'{o}}n, Sof{\'{i}}a and Supervie, Virginie and Breban, Romulus},
	Doi = {10.1016/j.vaccine.2017.08.040},
	Issn = {0264410X},
	Journal = {Vaccine},
	Month = {sep},
	Number = {40},
	Pages = {5339--5345},
	Title = {{Prevention of treatable infectious diseases: a game-theoretic approach}},
	Volume = {35},
	Year = {2017}}

@article{Koopman1988,
	Author = {Koopman, James and Simon, Carl P. and Jacquez, John A. and Joseph, Jill and Sattenspiel, Lisa and Park, Taesung},
	Journal = {Journal of Acquired Inmune Deficiency Syndromes},
	Pages = {486--504},
	Title = {{Sexual partner selectiveness effects on homosexual HIV transmission}},
	Volume = {1},
	Year = {1988}}

@article{Kretzschmar2013,
	Author = {Kretzschmar, Mirjam E and Schim van der Loeff, Maarten F and Birrell, Paul J and De Angelis, Daniela and Coutinho, Roel A},
	Doi = {10.1073/pnas.1301801110},
	Journal = {Proc Natl Acad Sci U S A},
	Month = {Sep},
	Number = {39},
	Pages = {15538-43},
	Pst = {ppublish},
	Title = {Prospects of elimination of HIV with test-and-treat strategy},
	Volume = {110},
	Year = {2013}}
	
@article{Lodi2011,
	Author = {Lodi, Sara and Phillips, Andrew and Touloumi, Giota and others},
	Doi = {10.1093/cid/cir494},
	Journal = {Clinical Infectious Diseases},
	Month = {oct},
	Number = {8},
	Pages = {817--825},
	Title = {{Time from human immunodeficiency virus seroconversion to reaching CD4+ cell count thresholds {\textless}200, {\textless}350, and {\textless}500 cells/mm$^3$: assessment of need following changes in treatment guidelines}},
	Volume = {53},
	Year = {2011}}

@article{Marty2019,
	Author = {Marty, Lise and Cazein, Fran{\c{c}}oise and Panjo, Henri and Pillonel, Josiane and Costagliola, Dominique and Supervie, Virginie},
	Doi = {10.1002/jia2.25100},
	Issn = {17582652},
	Journal = {Journal of the International AIDS Society},
	Month = {mar},
	Note = {[Data updated for 2016]},
	Number = {3},
	Pages = {e25100},
	Title = {{Revealing geographical and population heterogeneity in HIV incidence, undiagnosed HIV prevalence and time to diagnosis to improve prevention and care: estimates for France}},
	Volume = {21},
	Year = {2018}}

@article{Molina2015,
	Author = {Molina, Jean-Michel and Capitant, Catherine and Spire, Bruno and others},
	Doi = {10.1056/NEJMoa1506273},
	Isbn = {0028-4793},
	Issn = {1533-4406},
	Journal = {The New England Journal of Medicine},
	Number = {23},
	Pages = {2237--2246},
	Pmid = {26624850},
	Title = {{On-demand preexposure prophylaxis in men at high risk for HIV-1 infection}},
	Volume = {373},
	Year = {2015}}
	
@misc{Molina2018,
	Address = {Amsterdam},
	Author = {Molina, J.-M. and Ghosn, J. and B{\'{e}}niguel, L. and others},
	Title = {{Incidence of HIV-infection in the ANRS Prevenir study in the Paris region with daily or on demand PrEP with TDF/FTC. Presented at the AIDS Conference}},
	Year = {2018}}

@article{Patel2014,
	Author = {Patel, Pragna and Borkowf, Craig B. and Brooks, John T. and Lasry, Arielle and Lansky, Amy and Mermin, Jonathan},
	Doi = {10.1097/QAD.0000000000000298},
	Isbn = {0000000000000},
	Issn = {0269-9370},
	Journal = {AIDS},
	Number = {10},
	Pages = {1509--1519},
	Pmid = {24809629},
	Title = {{Estimating per-act HIV transmission risk}},
	Volume = {28},
	Year = {2014}}

@misc{Prevagay2017,
	Author = {Saboni, L and Sauvage, C and Trouiller-Gerfaux, P and others},
	Note = {Saint-Maurice, Sant{\'{e}} Publique France, 2017},
	Title = {{Rapport Prevagay 2015, Paris. Enqu{\^{e}}te de s{\'{e}}ropr{\'{e}}valence du VIH men{\'{e}}e aupr{\`{e}}s des hommes ayant des relations sexuelles avec les hommes fr{\'{e}}quentant les lieux de convivialit{\'{e}} gay}}}

@misc{RapportSPF2019,
	Author = {{Sant{\'{e}} Publique France}},
	Note = {{URL: https://www.santepubliquefrance.fr/maladies-et-traumatismes/infections-sexuellement-transmissibles/vih-sida/documents/bulletin-national/bulletin-de-sante-publique-infection-a-vih.-mars-2019 [Website accessed on June 20, 2020]}},
	Title = {2019. {Surveillance de l'infection {\`{a}} VIH (d{\'{e}}pistage et d{\'{e}}claration obligatoire), 2010-2017}}}

@article{Rodger2016,
	Author = {Rodger, Alison J. and Cambiano, Valentina and Bruun, Tina and others},
	Doi = {10.1001/jama.2016.5148},
	Journal = {JAMA},
	Month = {jul},
	Number = {2},
	Pages = {171--181},
	Title = {{Sexual activity without condoms and risk of HIV transmission in serodifferent couples when the HIV-positive partner is using suppressive antiretroviral therapy}},
	Volume = {316},
	Year = {2016}}

@article{SagaonTeyssier2016,
	Author = {Sagaon-Teyssier, Luis and Suzan-Monti, Marie and Demoulin, Baptiste and others},
	Doi = {10.1080/09540121.2016.1146653},
	Isbn = {10.1080/09540121.2016.1146653},
	Issn = {1360-0451 (Electronic)},
	Journal = {AIDS care},
	Pages = {1--8},
	Pmid = {26883400},
	Title = {{Uptake of PrEP and condom and sexual risk behavior among MSM during the ANRS IPERGAY trial}},
	Volume = {0121},
	Year = {2016}}

@article{Smith2015,
	Author = {Smith, Dawn K. and Herbst, Jeffrey H. and Zhang, Xinjiang and Rose, Charles E.},
	Doi = {10.1097/QAI.0000000000000461},
	Journal = {Journal of Acquired Inmune Deficiency Syndromes},
	Number = {3},
	Pages = {337--344},
	Title = {{Condom effectiveness for HIV prevention by consistency of use among men who have sex with men in the United States}},
	Volume = {68},
	Year = {2015}}

@article{Thomann2017,
	Author = {Thomann, Matthew and Grosso, Ashley and Zapata, Richard and Chiasson, Mary Ann},
	Doi = {10.1080/13691058.2017.1380230},
	Issn = {14645351},
	Journal = {Culture, Health and Sexuality},
	Number = {7},
	Pages = {772--786},
	Publisher = {Taylor {\&} Francis},
	Title = {{`WTF is PrEP?': attitudes towards pre-exposure prophylaxis among men who have sex with men and transgender women in New York City}},
	Volume = {20},
	Year = {2017}}

@incollection{VanDenDriessche2008,
	Address = {Berlin, Heidelberg},
	Author = {{van den Driessche}, Pauline and Watmough, James},
	Booktitle = {Mathematical Epidemiology},
	Doi = {10.1007/978-3-540-78911-6},
	Editor = {Brauer, Fred and van den Driessche, Pauline and Wu, Jianhong},
	Pages = {159--178},
	Publisher = {Springer Berlin Heidelberg},
	Series = {Lecture Notes in Mathematics},
	Title = {{Further notes on the basic reproduction number}},
	Volume = {1945},
	Year = {2008}}

@article{Velter2015,
	Author = {Velter, A. and Saboni, L. and Sommen, C. and Bernillon, P. and Bajos, N. and Semaille, C.},
	Journal = {Eurosurveillance : Bulletin Europ{\'{e}}en sur les Maladies Transmissibles},
	Number = {14},
	Title = {{Sexual and prevention practices in men who have sex with men in the era of combination HIV prevention: results from the Presse Gays et Lesbiennes survey, France, 2011}},
	Volume = {20},
	Year = {2015}}

@misc{WHO_ART2016,
	Author = {{World Health Organization}},
	Pages = {155},
	Title = {{Consolidated guidelines on the use of antiretroviral drugs for treating and preventing HIV infection: recommendations for a public health approach}},
	Note = {{URL: https://www.who.int/hiv/pub/arv/arv-2016/en/ [Website accessed on June 20, 2020]}},
	Year = {2016}}

@misc{WHO2016,
	Author = {WHO},
	Note = {{URL: https://www.who.int /hiv/pub/progressreports/2016-progress-report/en/ [Website accessed on June 20, 2020]}},
	Title = {Prevent HIV, test and treat all},
	Year = {2016}}